<?xml version="1.0" encoding="UTF-8"?><collection xmlns="http://www.loc.gov/MARC21/slim"><record><leader>00356nam--2200133-i-4500</leader><controlfield tag="001">000013019</controlfield><controlfield tag="002">20161230</controlfield><controlfield tag="005">20161230201030</controlfield><controlfield tag="008">060222s1000------------r-----000-0-eng-d</controlfield><datafield ind1=" " ind2=" " tag="245"><subfield code="a">Helium and neon-gas solubilities</subfield></datafield><datafield ind1=" " ind2=" " tag="260"><subfield code="a">Oxford, Pergamon Press, 1979</subfield></datafield><datafield ind1=" " ind2=" " tag="490"><subfield code="a">Solubility Data Series</subfield></datafield><datafield ind1=" " ind2=" " tag="700"><subfield code="a">Clever, Lawrence H</subfield></datafield><datafield ind1=" " ind2=" " tag="852"><subfield code="a">546.291:546.292(035.5)</subfield></datafield></record></collection>